@Book{Mesocosm_User_Manual,
  title = {Silbiger Lab Mesocosm User Manual},
  author = {Dr. Nyssa Silbiger and Danielle Barnas},
  address = {California State University, Northridge, 18111 Nordhoff St., Northridge, CA 91330},
  url = {https://silbigerlab.gitbook.io/mesocosm-user-manual/},
}
